@inproceedings{Kutzner2015BestBF,
  title={Best bang for your buck: GPU nodes for GROMACS biomolecular simulations},
  author={Carsten Kutzner and Szil{\'a}rd P{\'a}ll and Martin Fechner and Ansgar Esztermann and Bert L. de Groot and Helmut Grubmuller},
  booktitle={Journal of Computational Chemistry},
  year={2015}
}

@inproceedings{Haque:2010:HDS:1844765.1845231,
 author = {Haque, Imran S. and Pande, Vijay S.},
 title = {Hard Data on Soft Errors: A Large-Scale Assessment of Real-World Error Rates in {GPGPU}},
 booktitle = {Proceedings of the 2010 10th IEEE/ACM International Conference on Cluster, Cloud and Grid Computing},
 series = {CCGRID '10},
 year = {2010},
 isbn = {978-0-7695-4039-9},
 pages = {691--696},
 numpages = {6},
 url = {http://dx.doi.org/10.1109/CCGRID.2010.84},
 doi = {10.1109/CCGRID.2010.84},
 acmid = {1845231},
 publisher = {IEEE Computer Society},
 address = {Washington, DC, USA},
} 

@INPROCEEDINGS{Puente:1999:ABR:850940.852882, 
author={V. Puente and R. Beivide and J. A. Gregorio and J. M. Prellezo and J. Duato and C. Izu}, 
booktitle={Proceedings of the 1999 International Conference on Parallel Processing}, 
title={Adaptive bubble router: a design to improve performance in torus networks}, 
year={1999}, 
pages={58-67}, 
keywords={VLSI;multiprocessor interconnection networks;network routing;performance evaluation;VHDL synthesis tools;VLSI;adaptive bubble router;base latency values;fully-adaptive minimal routing;message latency;performance;router design;torus networks;virtual channels;virtual cut-through switching;Australia;Computer worms;Concurrent computing;Costs;Delay;Intelligent networks;Routing;System recovery;Throughput;Very large scale integration}, 
doi={10.1109/ICPP.1999.797388}, 
ISSN={0190-3918}, 
month={},}

@article{Adiga:2005:BGT:1665957.1665963,
 author = {Adiga, N. R. and Blumrich, M. A. and Chen, D. and Coteus, P. and Gara, A. and Giampapa, M. E. and Heidelberger, P. and Singh, S. and Steinmacher-Burow, B. D. and Takken, T. and Tsao, M. and Vranas, P.},
 title = {{Blue} {Gene/L} Torus Interconnection Network},
 journal = {IBM J. Res. Dev.},
 issue_date = {March 2005},
 volume = {49},
 number = {2},
 month = mar,
 year = {2005},
 issn = {0018-8646},
 pages = {265--276},
 numpages = {12},
 url = {http://dx.doi.org/10.1147/rd.492.0265},
 doi = {10.1147/rd.492.0265},
 acmid = {1665963},
 publisher = {IBM Corp.},
 address = {Riverton, NJ, USA},
} 

@inproceedings{Scott96thecray,
    author = {Steven L. Scott and Gregory M. Thorson},
    title = {The {Cray} {T3E} Network: Adaptive Routing in a High Performance {3D} Torus},
    booktitle = {{HOT} Interconnects IV, Stanford University, August 15-16, 1996},
    year = {1996}
}

@ARTICLE{Tofu-Interconnect-2012, 
author={Y. Ajima and T. Inoue and S. Hiramoto and Y. Takagi and T. Shimizu}, 
journal={IEEE Micro}, 
title={The {Tofu} Interconnect}, 
year={2012}, 
volume={32}, 
number={1}, 
pages={21-31}, 
keywords={computer network management;mesh generation;telecommunication network routing;telecommunication network topology;3D torus graph;6D mesh/torus topology;Tofu barrier interface;Tofu interconnect architecture;Tofu network interface;Tofu network router;multiple topology-aware applications;Aerospace electronics;Benchmark testing;Protocols;Registers;Routing;Three dimensional displays;Throughput;6D mesh/torus;Tofu;high-performance computing;interconnect;topology}, 
doi={10.1109/MM.2011.98}, 
ISSN={0272-1732}, 
month={Jan},}

@INPROCEEDINGS{Extoll-2015, 
author={S. Neuwirth and D. Frey and M. Nuessle and U. Bruening}, 
booktitle={2015 IEEE 21st International Symposium on High Performance Computer Architecture (HPCA)}, 
title={Scalable communication architecture for network-attached accelerators}, 
year={2015}, 
pages={627-638}, 
keywords={computer architecture;coprocessors;message passing;parallel processing;CPU;EXTOLL NIC;Intel Xeon Phi coprocessor;LAMMPS molecular dynamics simulator;MPI communication layer;exascale computing;high performance computing;host-centric accelerators;network-attached accelerators;scalable communication architecture;Acceleration;Bismuth;Computer architecture;Hardware;Microwave integrated circuits;Ports (Computers);Scalability}, 
doi={10.1109/HPCA.2015.7056068}, 
ISSN={1530-0897}, 
month={Feb},}



@Article{EliGorLev12,
author="G. S. Elizarov and V. S. Gorbunov and V. K. Levin and A. O. Latsis and V. V. Korneev and A. A. Sokolov and D. V. Andryushin and Yu. A. Klimov",
title="Communication fabric {MVS-Express}",
journal="Vychisl. Metody Programm.",
year="2012",
volume="13",
number="3",
pages="103--109",
url="http://num-meth.srcc.msu.ru/english/zhurnal/tom_2012/v13r214.html"
}

@Article{AdaKliKli10,
author="I. A. Adamovich and A. V. Klimov and Yu. A. Klimov and A. Yu. Orlov and A. B. Shvorin",
title="Thoughts on the development of {SKIF-Aurora} supercomputer interconnect",
journal="Programmnye Sistemy: Teoriya i Prilozheniya",
year="2010",
volume="1",
number="3",
pages="107--123",
url="http://psta.psiras.ru/read/psta2010_3_107-123.pdf"
}

@Article{KliShvKhr15,
author="Yu. A. Klimov and A. B. Shvorin and A. Yu. Khrenov and I. A. Adamovich and A. Yu. Orlov and S. M. Abramov and Yu. V. Shevchuk and A. Yu. Ponomarev",
title="Pautina: the high performance interconnect",
journal="Programmnye Sistemy: Teoriya i Prilozheniya",
year="2015",
volume="6",
number="1",
pages="109--120",
url="http://psta.psiras.ru/read/psta2015_1_109-120.pdf"
}

@Article{KorMakBor10,
author="A. A. Korzh and D. V. Makagon and A. A. Borodin and I. A. Zhabin and E. R. Kushtanov and E. L. Syromyatnikov and E. V. Cheryomushkina",
title="Russian {3D}-torus interconnect with globally addressable memory support",
journal="Vestnik YuUrGU. Ser. Mat. Model. Progr. ",
year="2010",
number="6",
pages="41--53",
url="http://mmp.vestnik.susu.ru/article/en/107"
}

@Article{MukSemSim15,
author="A. V. Mukosey and A. S. Semenov and A. S. Simonov",
title="Simulation of collective operations hardware support for {Angara} interconnect ",
journal="Vestn. YuUrGU. Ser. Vych. Matem. Inform.",
year="2015",
volume="4",
number="3",
pages="40--55",
doi="http://dx.doi.org/10.14529/cmse150304"
}

@INPROCEEDINGS{AgIsmMakSemSim16,
author="A. A. Agarkov and T. F. Ismagilov and D. V. Makagon and A. S. Semenov and A. S. Simonov",
booktitle={Proceedings of the international conference ``Russian Supercomputing Days'' --- 2016}, 
title="Performance Evaluation of the {Angara} Interconnect",
year="2016",
pages="626--639",
url="http://dx.doi.org/10.14529/cmse150304"
}












